% This file was created with JabRef 2.10.
% Encoding: GBK

@article{cormode2005an,
title={An improved data stream summary: the count-min sketch and its applications},
author={Cormode, Graham and Muthukrishnan, S},
journal={Journal of Algorithms},
volume={55},
number={1},
pages={58--75},
year={2005}}

@article{charikar2002finding,
title={Finding Frequent Items in Data Streams},
author={Charikar, Moses and Chen, Kevin and Farachcolton, Martin},
journal={international colloquium on automata, languages and programming},
volume={312},
number={1},
pages={693--703},
year={2002}}

@article{liu2016one,
title={One Sketch to Rule Them All: Rethinking Network Flow Monitoring with UnivMon},
author={Liu, Zaoxing and Manousis, Antonis and Vorsanger, Gregory and Sekar, Vyas and Braverman, Vladimir},
pages={101--114},
year={2016}}

@article{aggarwal2010on,
title={On Classification of High-Cardinality Data Streams.},
author={Aggarwal, Charu C and Yu, Philip S},
pages={802--813},
year={2010}}

@article{chen2010tracking,
title={Tracking Long Duration Flows in Network Traffic},
author={Chen, Aiyou and Jin, Yu and Cao, Jin and Li, Li Erran},
pages={1--5},
year={2010}}

@article{cormode2005sketching,
title={Sketching streams through the net: distributed approximate query tracking},
author={Cormode, Graham and Garofalakis, Minos},
journal={very large data bases},
pages={13--24},
year={2005}}

@article{manerikar2009frequent,
title={Frequent items in streaming data: An experimental evaluation of the state-of-the-art},
author={Manerikar, Nishad and Palpanas, Themis},
journal={data and knowledge engineering},
volume={68},
number={4},
pages={415--430},
year={2009}}

@article{goyal2012sketch,
title={Sketch algorithms for estimating point queries in NLP},
author={Goyal, Amit and Daume, Hal and Cormode, Graham},
pages={1093--1103},
year={2012}}

@article{zhao2011gsketch:,
title={gSketch: on query estimation in graph streams},
author={Zhao, Peixiang and Aggarwal, Charu C and Wang, Min},
journal={Proceedings of The Vldb Endowment},
volume={5},
number={3},
pages={193--204},
year={2011}}

@article{sketchsurvey,
title={Sketch techniques for approximate query processing},
author={Cormode, Graham},
year={2011}}

@article{estan2001new,
title={New directions in traffic measurement and accounting},
author={Estan, Cristian and Varghese, George},
journal={acm special interest group on data communication},
volume={32},
number={4},
pages={323--336},
year={2001}}

@article{roy2016augmented,
title={Augmented Sketch: Faster and More Accurate Stream Processing},
author={Roy, Pratanu and Khan, Arijit and Alonso, Gustavo},
pages={1449--1463},
year={2016}}

@article{lu2008counter,
title={Counter braids: a novel counter architecture for per-flow measurement},
author={Lu, Yi and Montanari, Andrea and Prabhakar, Balaji and Dharmapurikar, Sarang and Kabbani, Abdul},
journal={measurement and modeling of computer systems},
volume={36},
number={1},
pages={121--132},
year={2008}}

@article{aggarwal2012event,
title={Event Detection in Social Streams.},
author={Aggarwal, Charu C and Subbian, Karthik},
pages={624--635},
year={2012}}

@article{goyal2009streaming,
title={Streaming for large scale NLP: language modeling},
author={Goyal, Amit and Daume, Hal and Venkatasubramanian, Suresh},
pages={512--520},
year={2009}}

@article{thomas2009on,
title={On Efficient Query Processing of Stream Counts on the Cell Processor},
author={Thomas, Dina and Bordawekar, Rajesh and Aggarwal, Charu C and Yu, Philip S},
pages={748--759},
year={2009}}

@article{cmlsketch,
title={Count-Min-Log sketch: Approximately counting with approximate counters},
author={Guillaume, Pitel and Geoffroy Fouquier},
year={2015}}